@inproceedings{merlhiot2012,
   author = {Merlhiot, X. and Garrec,  J.L. and Saupin, G. and Andriot,C.},
  title = {The XDE mechanical kernel: efficient and robust simulation of multibody dynamics with intermittent nonsmooth contacts},
 booktitle={Proceedings of the International Conference on Multibody System Dynamics},
 address = {Stuttgart, Germany},
  year = {2012}
}

@inproceedings{alami2006safe,
  title={Safe and dependable physical human-robot interaction in anthropic domains: State of the art and challenges},
  author={Alami, R. and Albu-Schaeffer, A. and Bicchi, A. and Bischoff, R. and Chatila, R. and De Luca, A. and De Santis, A. and Giralt, G. and Guiochet, J. and Hirzinger, G. and Ingrand, F. and Lippiello,  V. and Mattone, R. and Powell, D. and  Sen, S. and Siciliano, B. and Tonietti, G. and Villani, L.},
  booktitle={Proceedings of the IEEE/RSJ International Conference on Intelligent Robots and Systems},
  pages={1--16},
  year={2006},
  organization={IEEE}
}

@article{zinn2004,
  title={Playing it safe [human-friendly robots]},
  author={Zinn, Michael and Khatib, Oussama and Roth, Bernard and Salisbury, J Kenneth},
  journal={Robotics \& Automation Magazine, IEEE},
  volume={11},
  number={2},
  pages={12--21},
  year={2004},
  publisher={IEEE}
}

@inproceedings{haddadin2012,
  title={Rigid vs. elastic actuation: Requirements \& performance},
  author={Haddadin, Sami and Mansfeld, Nico and Albu-Sch{\"a}ffer, A},
  booktitle={Proceedings of the IEEE/RSJ International Conference on Intelligent Robots and Systems},
  pages={5097--5104},
  year={2012},
  organization={IEEE}
}

@article{loughlin2007dlr,
  title={The DLR lightweight robot: design and control concepts for robots in human environments},
  author={Loughlin, Clive and Albu-Sch{\"a}ffer, A and Haddadin, S and Ott, Ch and Stemmer, A and Wimb{\"o}ck, T and Hirzinger, G},
  journal={Industrial Robot},
  volume={34},
  number={5},
  pages={376--385},
  year={2007}
}

@inproceedings{hirzinger2001,
 title={On a new generation of torque controlled light-weight robots},
 author={Hirzinger, Gerd and Albu-Sch{\"a}ffer, A and Hahnle, M and Schaefer, Ingo and Sporer, Norbert},
 booktitle={Proceedings of the IEEE International Conference on Robotics and Automation},
 volume={4},
 pages={3356--3363},
 year={2001}
}


@inproceedings{ebert2002safe,
 title={Safe human-robot-cooperation: Image-based collision detection for industrial robots},
 author={Ebert, Dirk M and Henrich, Dominik D},
 booktitle={Proceedings of the IEEE/RSJ International Conference On Intelligent Robots and Systems},
 pages={1826--1831},
 year={2002}
}

@article{lumelsky1993real,
 title={Real-time collision avoidance in teleoperated whole-sensitive robot arm manipulators},
 author={Lumelsky, Vladimir J and Cheung, Edward},
 journal={Transactions on Systems, Man and Cybernetics},
 volume={23},
 number={1},
 pages={194--203},
 year={1993},
 publisher={IEEE}

}

@article{ikuta2003safety,
 title={Safety evaluation method of design and control for human-care robots},
 author={Ikuta, Koji and Ishii, Hideki and Nokata, Makoto},
 journal={The International Journal of Robotics Research},
 volume={22},
 number={5},
 pages={281--297},
 year={2003},
 publisher={SAGE Publications}
}

@inproceedings{haddadin2008collision,
 title={Collision detection and reaction: A contribution to safe physical human-robot interaction},
 author={Haddadin, Sami and Albu-Sch{\"a}ffer, Alin and De Luca, Alessandro and Hirzinger, Gerd},
 booktitle={Proceedings of the IEEE/RSJ International Conference on Intelligent Robots and Systems},
 pages={3356--3363},
 year={2008}
}

@inproceedings{de2006collision,
 title={Collision detection and safe reaction with the DLR-III lightweight manipulator arm},
 author={De Luca, Alessandro and Albu-Sch{\"a}ffer, Alin and Haddadin, Sami and Hirzinger, Gerd},
 booktitle={Proceedings of the  IEEE/RSJ International Conference on Intelligent Robots and Systems},
 pages={1623--1630},
 year={2006}
}

@article{heinzmann2003quantitative,
 title={Quantitative safety guarantees for physical human-robot interaction},
 author={Heinzmann, Jochen and Zelinsky, Alexander},
 journal={The International Journal of Robotics Research},
 volume={22},
 number={7-8},
 pages={479--504},
 year={2003},
 publisher={SAGE Publications}
}

@inproceedings{haddadin2012truly,
 title={A truly safely moving robot has to know what injury it may cause},
 author={Haddadin, S. and Khoury, A. and Rokahr, T. and Parusel, S. and Burgkart, R. and Bicchi, A. and Albu-Sch{\"a}ffer, A.},
 booktitle={Proceedings of the  IEEE/RSJ International Conference on Intelligent Robots and Systems},
 pages={5406--5413},
 year={2012}
}

@inproceedings{de2008exploiting,
 title={Exploiting robot redundancy in collision detection and reaction},
 author={De Luca, Alessandro and Ferrajoli, Lorenzo},
 booktitle={Proceedings of the  IEEE/RSJ International Conference on Intelligent Robots and Systems},
 pages={3299--3305},
 year={2008}
}

@article{khatib1995inertial,
 title={Inertial properties in robotic manipulation: An object-level framework},
 author={Khatib, Oussama},
 journal={The International Journal of Robotics Research},
 volume={14},
 number={1},
 pages={19--36},
 year={1995},
 publisher={Sage Publications}
}



@Misc{            rtt-url,
  author        = {Soetens, P.},
  title         = {{RTT}: {R}eal-{T}ime {T}oolkit},
  year          = {Accessed: 2017}, 
  howpublished  = {\url{http://www.orocos.org/rtt}}
}

@Misc{Fogale-url,
  author        = {Fogale Robotics},
  year          = {Accessed: 2017},
  howpublished  = {\url{http://www.fogale-robotics.com}}
}


@Misc{            VIACTORS-url,
  year          = {Accessed: 2017},
  howpublished  = {\url{http://www.viactors.org}}
}

@article{rubrecht-AutonomousRobots2012,
   title = {Motion safety and constraints compatibility for multibody robots},
   author = {Rubrecht, S\'{e}bastien and Padois, Vincent and Bidaud, Philippe and De Broissia, Michel and Da Silva Simoes, Max},
   journal = {Autonomous Robots},
   publisher = {Springer Netherlands},
   volume = {32},
   number = {3},
   pages={333-349},
   doi = {10.1007/s10514-011-9264-x },
   http = {http://hal.archives-ouvertes.fr/hal-00719855/en},
   year = {2012}
   }

@book{boyd2004,
  title={Convex optimization},
  author={Boyd, Stephen and Vandenberghe, Lieven},
  year={2004},
  publisher={Cambridge university press}
}

@article{walker1994,
  title={Impact configurations and measures for kinematically redundant and multiple armed robot systems},
  author={Walker, Ian D},
  journal={IEEE Transactions on Robotics and Automation},
  volume={10},
  number={5},
  pages={670--683},
  year={1994},
  publisher={IEEE}
}

@misc{gurobi,
author = {{Gurobi Optimization Inc.}},
title = "Gurobi Optimizer Reference Manual",
year = 2015,
url = "http://www.gurobi.com"
}


@misc{maple,
author = {{Maplesoft Inc.}},
title = "Maple 18",
year = 2016,
url = "http://www.maplesoft.com"
}



@inproceedings{park1998enhanced,
  title={The enhanced compact QP method for redundant manipulators using practical inequality constraints},
  author={Park, Ki Cheol and Chang, Pyung Hun and Kim, Seung Ho},
  booktitle={Proceedings of the IEEE International Conference on Robotics and Automation},
  volume={1},
  pages={107--114},
  year={1998},
  organization={IEEE}
}

@inproceedings{decre2009extending,
  title={Extending iTaSC to support inequality constraints and non-instantaneous task specification},
  author={Decr{\'e}, Wilm and Smits, Ruben and Bruyninckx, Herman and De Schutter, Joris},
  booktitle={Proceedings of the IEEE International Conference on Robotics and Automation},
  pages={964--971},
  year={2009},
  organization={IEEE}
}



@inproceedings{lange2014predictive,
  title={Predictive path-accurate scaling of a sensor-based defined trajectory},
  author={Lange, Friedrich and Suppa, Michael},
  booktitle={Proceedings of the IEEE International Conference on Robotics and Automation},
  pages={754--759},
  year={2014},
  organization={IEEE}
}

@inproceedings{lange2015trajectory,
  title={Trajectory generation for immediate path-accurate jerk-limited stopping of industrial robots},
  author={Lange, Friedrich and Suppa, Michael},
  booktitle={Proceedings of the IEEE International Conference on Robotics and Automation},
  pages={2021--2026},
  year={2015},
  organization={IEEE}
}

@inproceedings{ngo2005passivity,
  title={Passivity-based control of robot manipulators subject to constraints},
  author={Ngo, Khoi B and Mahony, Robert},
  booktitle={Proceedings of the Australian Conference on Robotics and Automation},
  year={2005}
}

@inproceedings{ngo2006bounded,
  title={Bounded torque control for robot manipulators subject to joint velocity constraints},
  author={Ngo, Khoi B and Mahony, Robert},
  booktitle={Proceedings of the IEEE International Conference on Robotics and Automation},
  pages={7--12},
  year={2006},
  organization={IEEE}
}

@article{yoshikawa1985manipulability,
  title={Manipulability of robotic mechanisms},
  author={Yoshikawa, Tsuneo},
  journal={The international journal of Robotics Research},
  volume={4},
  number={2},
  pages={3--9},
  year={1985},
  publisher={Sage Publications}
}

@article{chen1994torque,
  title={Torque optimization schemes for kinematically redundant manipulators},
  author={Chen, Tsing-Hua and Cheng, Fan-Tien and Sun, York-Yih and Hung, Min-Hsiung},
  journal={Journal of Robotic Systems},
  volume={11},
  number={4},
  pages={257--269},
  year={1994},
  publisher={Wiley Online Library}
}

@article{cheng1995improved,
  title={The improved compact QP method for resolving manipulator redundancy},
  author={Cheng, Fan-Tien and Sheu, Rong-Jing and Chen, Tsing-Hua},
  journal={IEEE Transactions on Systems, Man, and Cybernetics},
  volume={25},
  number={11},
  pages={1521--1530},
  year={1995},
  publisher={IEEE}
}

@article{li1997new,
  title={A new method of peak torque reduction with redundant manipulators},
  author={Li, Degao and Goldenberg, Andrew A and Zu, Jean W},
  journal={IEEE Transactions on Robotics and Automation},
  volume={13},
  number={6},
  pages={845--853},
  year={1997},
  publisher={IEEE}
}

@inproceedings{shim1997stabilization,
  title={Stabilization constraint method for torque optimization of a redundant manipulator},
  author={Shim, Ick-Chan and Yoon, Yong-San},
  booktitle={Proceedings of the IEEE International Conference on Robotics and Automation},
  volume={3},
  pages={2403--2408},
  year={1997},
  organization={IEEE}
}


@article{ma2002time,
  title={Time-optimal control of kinematically redundant manipulators with limit heat characteristics of actuators},
  author={Ma, Shugen and Watanabe, Mitsuru},
  journal={Advanced Robotics},
  volume={16},
  number={8},
  pages={735--749},
  year={2002},
  publisher={Taylor \& Francis}
}

@PHDTHESIS{salini2012,
  author = {Salini, J.},
  title = {Dynamic control for the task/posture coordination of humanoids: toward
	synthesis of complex activities},
  school = {Universit\'{e} Pierre et Marie Curie},
  year = {2012},
  type = {Ph.D. thesis},
  address = {Paris, France},
  month = {June},
  category = {THDR}
}

@phdthesis{rubrecht2011contributions,
  title={Contributions {\`a} la commande de robots sous contraintes},
  author={Rubrecht, S{\'e}bastien},
  year={2011},
  school={Universit{\'e} Pierre et Marie Curie Paris 06}
}



@inproceedings{katzschmann2013towards,
  title={Towards online trajectory generation considering robot dynamics and torque limits},
  author={Katzschmann, Robert and Kr{\"o}ger, Torsten and Asfour, Tamim and Khatib, Oussama},
  booktitle={Proceedings of the IEEE/RSJ International Conference on Intelligent Robots and Systems},
  pages={5644--5651},
  year={2013},
  organization={IEEE}
}

@incollection{background_substraction,
  title={An improved adaptive background mixture model for real-time tracking with shadow detection},
  author={KaewTraKulPong, Pakorn and Bowden, Richard},
  booktitle={Video-based surveillance systems},
  pages={135--144},
  year={2002},
  publisher={Springer}
}

@InProceedings{PCL,
  author    = {Rusu, RB. and Cousins, S.},
  title     = {{3D is here: Point Cloud Library (PCL)}},
  booktitle = {Proceedings of the IEEE International Conference on Robotics and Automation},
  month     = {May 9-13},
  year      = {2011},
  address   = {Shanghai, China}
}
@article{Kinect,
  title={Microsoft kinect sensor and its effect},
  author={Zhang, Zhengyou},
  journal={IEEE multimedia},
  volume={19},
  number={2},
  pages={4--10},
  year={2012},
  publisher={IEEE}
}


@misc{realtime_URDF_filter,
  author = {Blodow, N.},
  title = {{Realtime URDF Filter}},
  howpublished = {\url{https://github.com/blodow/realtime_urdf_filter}},
}





@misc{xenomai-url,
  author={Chanteperdrix, Gerum},
  title={Xenomai},
  year          = {Accessed: 2017},  
  howpublished={\url{https://xenomai.org}}
}



@misc{rtnet-url,
  author={Marx, et al.},
  title={RTnet: Hard Real-Time Networking for Real-Time Linux},
  year          = {Accessed: 2017},
  howpublished={\url{http://rtnet.org}}
}


@misc{kuka-url-noconstraints,
  author        = {Meguenani, A. and Padois, V. and Da Silva, J. and Hoarau, A. and Bidaud, P.},
  title         = {{KUKA}: {H}{R} interaction with no constraints},
  year          = {2016},
  howpublished  = {\url{http://pages.isir.upmc.fr/~padois/website/fichiers/videos/Kuka_Human_interaction_no_constraints.mp4}}
}


@misc{iiwa-url,
  author        = {KUKA},
  title         = {LBR iiwa},
  year          = {Accessed: 2017},
  howpublished  = {\url{https://www.kuka.com/en-de/products/robot-systems/industrial-robots/lbr-iiwa}}
}

@misc{Franka-url,
  author        = {Franka EMIKA},
  title         = {Franka},
  year          = {Accessed: 2017},
  howpublished  = {\url{https://www.franka.de/}}
}

@misc{UR10-url,
  author        = {UNIVERSAL ROBOTS},
  title         = {UR10},
  year          = {Accessed: 2017},
  howpublished  = {\url{https://www.universal-robots.com/products/ur10-robot/}}
}

@misc{YuMi-url,
  author        = {ABB},
  title         = {YuMi},
  year          = {Accessed: 2017},
  howpublished  = {\url{http://new.abb.com/products/robotics/industrial-robots/yumi}}
}

@misc{Sawyer-url,
  author        = {Rethink Robotics},
  title         = {Sawyer},
  year          = {Accessed: 2017},
  howpublished  = {\url{http://www.rethinkrobotics.com/sawyer/
}}
}

@misc{kuka-url-fullconstraints,
  author        = {Meguenani, A. and Padois, V. and Da Silva, J. and Hoarau, A. and Bidaud, P.},
  title         = {{KUKA}: {H}{R} interaction with constraints on {E}c and {E}p},
  year          = {2016},
  howpublished  = {\url{http://pages.isir.upmc.fr/~padois/website/fichiers/videos/Kuka_Human_interaction_constraints_on_Ec_and_Ep.mp4}}
}

@misc{rtt-lwr-url,
  author={Hoarau, A. and DaSilva, J. and Ibanez, A. and Padois, V.},
  title= {{rtt-kuka-lwr}: Control software architecture for lightweight robots},
  year          = {Accessed: 2017},
  howpublished={\url{https://www.github.com/kuka-isir/rtt_lwr}}
}


@inproceedings{schreiber2010fast,
  title={The fast research interface for the kuka lightweight robot},
  author={Schreiber, G{\"u}nter and Stemmer, Andreas and Bischoff, Rainer},
  booktitle = {Proceedings of the IEEE International Conference on Robotics and Automation},
  year={2010}
}

@article{aubin1991viability,
  title={Viability theory. Systems \& control: Foundations \& applications},
  author={Aubin, Jean-Pierre},
  journal={Birkh{\"a}user, Boston. doi},
  volume={10},
  number={1007},
  pages={978--0},
  year={1991}
}



@techreport{ISO15066PDF,
 author = {ISO},
 Institution = {International Organization for Standardization},
 address = {Geneva, CH},
 Title = {robots and robotic devices - collaborative robots},
 key = {ISO/TS 15066:2016(E)},
 Type = {ISO},
 Year = {2016}
 }


@techreport{ISO10218PDF1,
 author = {ISO},
 Institution = {International Organization for Standardization},
 address = {Geneva, CH},
 Title = {Robots and Robotic Devices-Safety Requirements for Industrial Robots-Part1: Robots},
 key = {ISO 10218-1:2011},
 Type = {ISO},
 Year = {2011}
 }


@techreport{ISO10218PDF2,
 author = {ISO},
 Institution = {International Organization for Standardization},
 address = {Geneva, CH},
 Title = {Robots and Robotic Devices-Safety Requirements for Industrial Robots-Part2: Robot systems and integration},
 key = {ISO 10218-2:2011},
 Type = {ISO},
 Year = {2011}
 }



@inproceedings{albu2005physical,
  title={Physical human-robot interaction in anthropic domains: Safety and dependability},
  author={Albu-Schaffer, A. and Bicchi, A. and Boccadamo, G. and Chatila, R. and De Luca, A. and De Santis, A. and Giralt, G. and Hirzinger, G. and Lippiello, V. and Mattone, R. and Schiavi, R. and Siciliano, B. and Tonietti, G. and Villani, L.},
  booktitle={Proceedings of the 4th IARP/IEEE-RAS/EURON Workshop on Technical Challenges for Dependable Robots in Human Environments},
  year={2005}
}


@book{pfeifer2006body,
  title={How the body shapes the way we think: a new view of intelligence},
  author={Pfeifer, Rolf and Bongard, Josh},
  year={2006},
  publisher={MIT press}
}

@article{townsend1993mechanical,
  title={Mechanical design for whole-arm manipulation},
  author={Townsend, William T and Salisbury, J Kenneth},
  journal={Robots and Biological Systems: Towards a New Bionics?},
  pages={153--164},
  year={1993},
  publisher={Springer}
}

@article{burdet2001central,
  title={The central nervous system stabilizes unstable dynamics by learning optimal impedance},
  author={Burdet, Etienne and Osu, Rieko and Franklin, David W and Milner, Theodore E and Kawato, Mitsuo},
  journal={Nature},
  volume={414},
  number={6862},
  pages={446--449},
  year={2001},
  publisher={Nature Publishing Group}
}

@inproceedings{salisbury1991design,
  title={The design and control of an experimental whole-arm manipulator},
  author={Salisbury, Kenneth and Eberman, Brian and Levin, Michael and Townsend, William},
  booktitle={Proceedings of the 5th International Symposium on Robotics Sesearch},
  pages={233--241},
  year={1991},
  organization={MIT Press}
}



@article{vanderborght2013variable,
  title={Variable impedance actuators: A review},
  author={Vanderborght, B. and Albu-Sch{\"a}ffer, A. and Bicchi, A. and Burdet, E. and Caldwell, D. G. and Carloni, R. and Catalano, M. and Eiberger, O. and Friedl, W. and Ganesh, G, and Garabini, M. and Grebenstein, M. and Grioli, G. and Haddadin, S. and Hoppner, H. and Jafari, A. and Laffranchi, M. and Lefeber, D. and Petit, F. and Stramigioli, S. and Tsagarakis, N. and Van Damme, M. and Van Ham, R. and Visser, L.C. and Wolf, S.},
  journal={Robotics and autonomous systems},
  volume={61},
  number={12},
  pages={1601--1614},
  year={2013},
  publisher={Elsevier}
}


@article{kulic2007affective,
  title={Affective state estimation for human--robot interaction},
  author={Kulic, Dana and Croft, Elizabeth A},
  journal={IEEE Transactions on Robotics},
  volume={23},
  number={5},
  pages={991--1000},
  year={2007},
  publisher={IEEE}
}


@inproceedings{kashiri2013stiffness,
  title={On the stiffness design of intrinsic compliant manipulators},
  author={Kashiri, Navvab and Tsagarakis, Nikos G and Laffranchi, Matteo and Caldwell, Darwin G},
  booktitle={Proceedings of the IEEE/ASME International Conference on Advanced Intelligent Mechatronics},
  pages={1306--1311},
  year={2013},
  organization={IEEE}
}

@article{caldwell1995control,
  title={Control of pneumatic muscle actuators},
  author={Caldwell, Darwin G and Medrano-Cerda, Gustavo A and Goodwin, Mike},
  journal={IEEE Control Systems},
   volume={15},
   number={1}, 
  pages={40--48},
  year={1995}
}

@inproceedings{pratt1995series,
  title={Series elastic actuators},
  author={Pratt, Gill A and Williamson, Matthew M},
  booktitle={Proceedings of the IEEE/RSJ International Conference on Intelligent Robots and Systems},
  volume={1},
  pages={399--406},
  year={1995},
  organization={IEEE}
}
@inproceedings{wolf2008new,
  title={A new variable stiffness design: Matching requirements of the next robot generation},
  author={Wolf, Sebastian and Hirzinger, Gerd},
  booktitle={Proceedings of the IEEE International Conference on Robotics and Automation},
  pages={1741--1746},
  year={2008},
  organization={IEEE}
}


@inproceedings{eiberger2010joint,
  title={On joint design with intrinsic variable compliance: Derivation of the DLR QA-joint},
  author={Eiberger, Oliver and Haddadin, Sami and Weis, Michael and Albu-Sch{\"a}ffer, Alin and Hirzinger, Gerd},
  booktitle={Proceedings of the IEEE International Conference on Robotics and Automation},
  pages={1687--1694},
  year={2010},
  organization={IEEE}
}


@inproceedings{garabini2011optimality,
  title={Optimality principles in variable stiffness control: The vsa hammer},
  author={Garabini, Manolo and Passaglia, Andrea and Belo, Felipe and Salaris, Paolo and Bicchi, Antonio},
  booktitle={Proceedings of the IEEE/RSJ International Conference on Intelligent Robots and Systems},
  pages={3770--3775},
  year={2011},
  organization={IEEE}
}


@inproceedings{chen2013optimal,
  title={Optimal control for maximizing velocity of the CompAct™ compliant actuator},
  author={Chen, Lisha and Garabini, Manolo and Laffranchi, Matteo and Kashiri, Navvab and Tsagarakis, Nikos G and Bicchi, Antonio and Caldwell, Darwin G},
  booktitle={Proceedings of the IEEE International Conference on Robotics and Automation},
  pages={516--522},
  year={2013},
  organization={IEEE}
}

@inproceedings{laffranchi2011compact,
  title={A compact compliant actuator (CompAct™) with variable physical damping},
  author={Laffranchi, Matteo and Tsagarakis, Nikos and Caldwell, Darwin G},
  booktitle={Proceedings of the IEEE International Conference on Robotics and Automation},
  pages={4644--4650},
  year={2011},
  organization={IEEE}
}

@inproceedings{boaventura2012dynamic,
  title={Dynamic torque control of a hydraulic quadruped robot},
  author={Boaventura, Thiago and Semini, Claudio and Buchli, Jonas and Frigerio, Marco and Focchi, Michele and Caldwell, Darwin G},
  booktitle={Proceedings of the IEEE International Conference on Robotics and Automation},
  pages={1889--1894},
  year={2012},
  organization={IEEE}
}

@article{hyon2007full,
  title={Full-body compliant human--humanoid interaction: balancing in the presence of unknown external forces},
  author={Hyon, Sang-Ho and Hale, Joshua G and Cheng, Gordon},
  journal={IEEE Transactions on Robotics},
  volume={23},
  number={5},
  pages={884--898},
  year={2007},
  publisher={IEEE}
}


@inproceedings{tsagarakis2009compact,
  title={A compact soft actuator unit for small scale human friendly robots},
  author={Tsagarakis, Nikolaos G and Laffranchi, Matteo and Vanderborght, Bram and Caldwell, Darwin G},
  booktitle={Proceedings of the IEEE International Conference on Robotics and Automation},
  pages={4356--4362},
  year={2009},
  organization={IEEE}
}


@inproceedings{ivar2011nonlinear,
  title={A Nonlinear Series Elastic Actuator for Highly Dynamic Motions},
  author={Ivar, Thorson and Caldwell, D},
  booktitle={Proceedings of the IEEE/RSJ International Conference on Intelligent Robots and Systems},
  year={2011},
  pages={390--394}
}


@inproceedings{wolf2011dlr,
  title={The DLR FSJ: Energy based design of a variable stiffness joint},
  author={Wolf, Sebastian and Eiberger, Oliver and Hirzinger, Gerd},
  booktitle={Proceedings of the IEEE International Conference on Robotics and Automation},
  pages={5082--5089},
  year={2011},
  organization={IEEE}
}

@inproceedings{bischoff2010kuka,
  title={The KUKA-DLR Lightweight Robot arm-a new reference platform for robotics research and manufacturing},
  author={Bischoff, Rainer and Kurth, Johannes and Schreiber, G{\"u}nter and Koeppe, Ralf and Albu-Sch{\"a}ffer, Alin and Beyer, Alexander and Eiberger, Oliver and Haddadin, Sami and Stemmer, Andreas and Grunwald, Gerhard and  Hirzinger, G.},
  booktitle={Proceedings of the 41st International Symposium on Robotics and 6th German Conference on Robotics},
  pages={1--8},
  year={2010}
}

@inproceedings{vanderborght2012variable,
  title={Variable impedance actuators: Moving the robots of tomorrow},
  author={Vanderborght, Bram and Albu-Sch{\"a}ffer, Alin and Bicchi, Antonio and Burdet, Etienne and Caldwell, D and Carloni, Raffaella and Catalano, M and Ganesh, G and Garabini, Manolo and Grebenstein, Markus and Grioli, G. and  Haddadin, S. and Jafari, A.  and Laffranchi, M.  and  Lefeber, D. and  Petit, F. and  Stramigioli, S. and  Tsagarakis, N. and  Van Damme, M. and  Van Ham, R. and  Visser, L. C. and  Wolf, S.},
  booktitle={Proceedings of the IEEE/RSJ International Conference on Intelligent Robots and Systems},
  pages={5454--5455},
  year={2012},
  organization={IEEE}
}



@inproceedings{hogan1984impedance,
  title={Impedance control: An approach to manipulation},
  author={Hogan, Neville},
  booktitle={Proceedings fo the American Control Conference},
  pages={304--313},
  year={1984},
  organization={IEEE}
}




@article{mason1981compliance,
  title={Compliance and force control for computer controlled manipulators},
  author={Mason, Matthew T},
  journal={IEEE Transactions on Systems, Man, and Cybernetics},
  volume={11},
  number={6},
  pages={418--432},
  year={1981},
  publisher={IEEE}
}

@article{whitney1977force,
  title={Force feedback control of manipulator fine motions},
  author={Whitney, Daniel E},
  journal={Journal of Dynamic Systems, Measurement, and Control},
  volume={99},
  number={2},
  pages={91--97},
  year={1977},
  publisher={American Society of Mechanical Engineers}
}

@article{raibert1981hybrid,
  title={Hybrid position/force control of manipulators},
  author={Raibert, Marc H and Craig, John J},
  journal={Journal of Dynamic Systems, Measurement, and Control},
  volume={102},
  number={127},
  pages={126--133},
  year={1981}
}

@article{khatib1987unified,
  title={A unified approach for motion and force control of robot manipulators: The operational space formulation},
  author={Khatib, Oussama},
  journal={IEEE Journal on Robotics and Automation},
  volume={3},
  number={1},
  pages={43--53},
  year={1987},
  publisher={IEEE}
}

@article{caccavale2008six,
  title={Six-dof impedance control of dual-arm cooperative manipulators},
  author={Caccavale, Fabrizio and Chiacchio, Pasquale and Marino, Alessandro and Villani, Luigi},
  journal={IEEE/ASME Transactions On Mechatronics},
  volume={13},
  number={5},
  pages={576--586},
  year={2008},
  publisher={IEEE}
}


@inproceedings{ott2010unified,
  title={Unified impedance and admittance control},
  author={Ott, Christian and Mukherjee, Ranjan and Nakamura, Yoshihiko},
  booktitle={Proceedings of the IEEE International Conference on Robotics and Automation},
  pages={554--561},
  year={2010},
  organization={IEEE}
}


@misc{ikuta2001safety,
  title={Safety evaluation method of human-care robot control and special robot simulator. Integration of Assistive Technology in the Information Age},
  author={Ikuta, K and Nokata, M and Ishii, H},
  year={2001},
  publisher={IOS Press}
}


@article{zollo2005compliance,
  title={Compliance control for an anthropomorphic robot with elastic joints: Theory and experiments},
  author={Zollo, Loredana and Siciliano, Bruno and De Luca, Alessandro and Guglielmelli, Eugenio and Dario, Paolo},
  journal={Journal of dynamic systems, measurement, and control},
  volume={127},
  number={3},
  pages={321--328},
  year={2005},
  publisher={American Society of Mechanical Engineers}
}


@article{ott2008passivity,
  title={On the passivity-based impedance control of flexible joint robots},
  author={Ott, Christian and Albu-Schaffer, Alin and Kugi, Andreas and Hirzinger, Gerd},
  journal={IEEE Transactions on Robotics},
  volume={24},
  number={2},
  pages={416--429},
  year={2008},
  publisher={IEEE}
}


@book{ott2008cartesian,
  title={Cartesian impedance control of redundant and flexible-joint robots},
  author={Ott, Christian},
  year={2008},
  publisher={Springer}
}

@article{albu2007unified,
  title={A unified passivity-based control framework for position, torque and impedance control of flexible joint robots},
  author={Albu-Sch{\"a}ffer, Alin and Ott, Christian and Hirzinger, Gerd},
  journal={The International Journal of Robotics Research},
  volume={26},
  number={1},
  pages={23--39},
  year={2007},
  publisher={Sage Publications Sage CA: Thousand Oaks, CA}
}


@article{mavridis2015review,
  title={A review of verbal and non-verbal human--robot interactive communication},
  author={Mavridis, Nikolaos},
  journal={Robotics and Autonomous Systems},
  volume={63},
  pages={22--35},
  year={2015},
  publisher={Elsevier}
}



@book{siciliano2016springer,
  title={Springer handbook of robotics},
  author={Siciliano, Bruno and Khatib, Oussama},
  year={2016},
  publisher={Springer}
}




@inproceedings{schindlbeck2015unified,
  title={Unified passivity-based cartesian force/impedance control for rigid and flexible joint robots via task-energy tanks},
  author={Schindlbeck, Christopher and Haddadin, Sami},
  booktitle={Proceedings of the IEEE International Conference on Robotics and Automation},
  pages={440--447},
  year={2015},
  organization={IEEE}
}

@inproceedings{ferraguti2013tank,
  title={A tank-based approach to impedance control with variable stiffness},
  author={Ferraguti, Federica and Secchi, Cristian and Fantuzzi, Cesare},
  booktitle={Proceedings of the IEEE International Conference on Robotics and Automation},
  pages={4948--4953},
  year={2013},
  organization={IEEE}
}

@article{ficuciello2015variable,
  title={Variable impedance control of redundant manipulators for intuitive human--robot physical interaction},
  author={Ficuciello, Fanny and Villani, Luigi and Siciliano, Bruno},
  journal={IEEE Transactions on Robotics},
  volume={31},
  number={4},
  pages={850--863},
  year={2015},
  publisher={IEEE}
}


@inproceedings{grebenstein2011dlr,
  title={The DLR hand arm system},
  author={Grebenstein, M. and Albu-Sch{\"a}ffer, A. and Bahls, T. and Chalon, M. and Eiberger, O. and Friedl, W. and Gruber, R. and Haddadin, S. and Hagn, U. and Haslinger, R. and Höppner, H. and  Jörg, S. and  Nickl, M. and  Nothhelfer, A. and  Petit, F. and  Reill, J. and  Seitz, N. and  Wimböck, T. and  Wolf, S. and  Wüsthoff, T. and  Hirzinger, G.},
  booktitle={Proceedings of the IEEE International Conference on Robotics and Automation},
  pages={3175--3182},
  year={2011},
  organization={IEEE}
}

@inproceedings{fryman2014updating,
  title={Updating the Industrial Robot Safety Standard},
  author={Fryman, Jeff},
  booktitle={Proceedings of the 41st International Symposium on Robotics},
  pages={1--4},
  year={2014}
}


@book{glasernew,
  title={The New Machine Directive 2006/42/EC},
  author={Glaser, R.K.R.D.M.J.},
  isbn={9789076245171},
  url={https://books.google.fr/books?id=G6HBbeSZVSUC},
  year={2006},
  publisher={Consultants Europe bv}
}


@inproceedings{de2012integrated,
  title={Integrated control for pHRI: Collision avoidance, detection, reaction and collaboration},
  author={De Luca, Alessandro and Flacco, Fabrizio},
  booktitle={Proceedings of the 4th IEEE RAS/EMBS International Conference on Biomedical Robotics and Biomechatronics},
  pages={288--295},
  year={2012},
  organization={IEEE}
}


@inproceedings{flacco2012depth,
  title={A depth space approach to human-robot collision avoidance},
  author={Flacco, Fabrizio and Kr{\"o}ger, Torsten and De Luca, Alessandro and Khatib, Oussama},
  booktitle={Proceedings of the IEEE International Conference on Robotics and Automation},
  pages={338--345},
  year={2012},
  organization={IEEE}
}


@book{aubin2011viability,
  title={Viability theory: new directions},
  author={Aubin, Jean-Pierre and Bayen, Alexandre M. and Saint-Pierre, Patrick},
  year={2011},
  publisher={Springer Science \& Business Media}
}

@inproceedings{fraichard2007short,
  title={A short paper about motion safety},
  author={Fraichard, Thierry},
  booktitle={Proceedings of the IEEE International Conference on Robotics and Automation},
  pages={1140--1145},
  year={2007},
  organization={IEEE}
}


@phdthesis{rubrecht:tel-00654514,
  TITLE = {{Contributions to the control of constrained robots}},
  AUTHOR = {Rubrecht, S.},
  URL = {https://tel.archives-ouvertes.fr/tel-00654514},
  SCHOOL = {{Universit{\'e} Pierre et Marie Curie - Paris VI}},
  YEAR = {2011},
  MONTH = Sep,
  KEYWORDS = {Motion Safety ; Robotic Constraints ; Constraints Compliant Control ; Inverse Velocity Kinematics ; Redundancy Resolution ; Evolutionary Design. ; S{\'e}curit{\'e} ; Contraintes Robotiques ; Commande Compliante aux Contraintes ; Cin{\'e}matique Inverse ; R{\'e}solution de la Redondance ; Conception Evolutionnaire.},
  TYPE = {Theses},
  PDF = {https://tel.archives-ouvertes.fr/tel-00654514/file/these_rubrecht.pdf},
  HAL_ID = {tel-00654514},
  HAL_VERSION = {v1},
}


@inproceedings{rubrecht2010constraints,
  title={Constraints Compliant Control: constraints compatibility and the displaced configuration approach},
  author={Rubrecht, S{\'e}bastien and Padois, Vincent and Bidaud, Philippe and De Broissia, Michel},
  booktitle={Proceedings of the IEEE/RSJ International Conference on Intelligent Robots and Systems},
  pages={677--684},
  year={2010},
  organization={IEEE}
}


@article{baerlocher2004inverse,
  title={An inverse kinematics architecture enforcing an arbitrary number of strict priority levels},
  author={Baerlocher, Paolo and Boulic, Ronan},
  journal={The visual computer},
  volume={20},
  number={6},
  pages={402--417},
  year={2004},
  publisher={Springer}
}


@article{flacco2015control,
  title={Control of redundant robots under hard joint constraints: Saturation in the null space},
  author={Flacco, Fabrizio and De Luca, Alessandro and Khatib, Oussama},
  journal={IEEE Transactions on Robotics},
  volume={31},
  number={3},
  pages={637--654},
  year={2015},
  publisher={IEEE}
}



@article{del2016robustness,
  title={Robustness to joint-torque-tracking errors in task-space inverse dynamics},
  author={Del Prete, Andrea and Mansard, Nicolas},
  journal={IEEE Transactions on Robotics},
  volume={32},
  number={5},
  pages={1091--1105},
  year={2016},
  publisher={IEEE}
}



@book{Siciliano2008,    title={\href{http://www.springer.com/fr/book/9783540239574}{Springer handbook of robotics}},    
author={Siciliano, B. and Khatib, O.},    
year={2008},    
publisher={Springer Science \& Business Media}
}

@phdthesis{tan:tel-01310675,
  TITLE = {{Continuous tasks and constraints transitions for the control of robots}},
  AUTHOR = {Tan, Yang},
  URL = {https://tel.archives-ouvertes.fr/tel-01310675},
  NUMBER = {2016PA066096},
  SCHOOL = {{Universit{\'e} Pierre et Marie Curie - Paris VI}},
  YEAR = {2016},
  MONTH = Mar,
  KEYWORDS = {Model Predictive Control ; Redundant Robots ; Dynamic Control ; Robots redondants ; Contr{\^o}le dynamique ; Commande pr{\'e}dictive ; Optimisation quadratique ; Commande en couple ; Continuit{\'e}s des contraintes},
  TYPE = {Theses},
  PDF = {https://tel.archives-ouvertes.fr/tel-01310675/file/these_archivage_3269731o.pdf},
  HAL_ID = {tel-01310675},
  HAL_VERSION = {v2},
}




@phdthesis{ibanez2015Emergence,
 TITLE = {{Emergence of complex behaviors from coordinated predictive control in humanoid robotics}},
 AUTHOR = {Ibanez, Aur{\'e}lien},
 URL = {http://hal.upmc.fr/tel-01308723},
 SCHOOL = {{Universit{\'e} Pierre et Marie Curie Paris VI}},
 YEAR = {2015},
 MONTH = Sep
} 



@inproceedings{tassa2012synthesis,
  title={Synthesis and stabilization of complex behaviors through online trajectory optimization},
  author={Tassa, Yuval and Erez, Tom and Todorov, Emanuel},
  booktitle={Intelligent Robots and Systems (IROS), 2012 IEEE/RSJ International Conference on},
  pages={4906--4913},
  year={2012},
  organization={IEEE}
}



@PHDTHESIS{2016THDR3834,
    CATEGORY = {THDR},
    AUTHOR = {Padois, V.},
    TITLE = {Control and design of robots with tasks and constraints in mind},
    YEAR = {2016},
    ADDRESS = {Paris, France},
    SCHOOL = {Université Pierre et Marie Curie (Paris 6)},
    HTTP = {http://hal.archives-ouvertes.fr/tel-01398868/en},
    MONTH = {oct}
}


@InProceedings{wieber2006trajectory,
 Title                    = {Trajectory free linear model predictive control for stable walking in the presence of strong perturbations},
 Author                   = {Wieber, Pierre-Brice},
 Booktitle                = {Proceedings of the IEEE-RAS International Conference on Humanoid Robots},
 Year                     = {2006},
 Organization             = {IEEE},
 Pages                    = {137--142}
}

